<record><leader>00000cas a22000007a 4500</leader><controlfield tag="001">14917921</controlfield><controlfield tag="008">861203d18921906pauwr ne      0    0eng d</controlfield><datafield ind1=" " ind2=" " tag="010"><subfield code="a">sn 87078609 </subfield></datafield><datafield ind1=" " ind2=" " tag="040"><subfield code="a">NPH</subfield><subfield code="b">eng</subfield><subfield code="c">NPH</subfield><subfield code="d">OCLCQ</subfield></datafield><datafield ind1=" " ind2=" " tag="042"><subfield code="a">msc</subfield></datafield><datafield ind1="0" ind2=" " tag="130"><subfield code="a">Canonsburg herald (Canonsburg, Pa. : 1892)</subfield></datafield><datafield ind1="1" ind2="4" tag="245"><subfield code="a">The Canonsburg herald.</subfield></datafield><datafield ind1=" " ind2=" " tag="260"><subfield code="a">Canonsburg, Pa. :</subfield><subfield code="b">Jos. G. Charlton,</subfield><subfield code="c">1892-1906.</subfield></datafield><datafield ind1=" " ind2=" " tag="300"><subfield code="a">14 v.</subfield></datafield><datafield ind1=" " ind2=" " tag="310"><subfield code="a">Weekly</subfield></datafield><datafield ind1="0" ind2=" " tag="362"><subfield code="a">New ser., v. 5, no. 1 (Mar, 9, 1892)-new ser., v. 19, no. 18 (Aug. 23, 1906) = whole no. 1021-whole no. 1775.</subfield></datafield><datafield ind1=" " ind2=" " tag="752"><subfield code="a">United States</subfield><subfield code="b">Pennsylvania</subfield><subfield code="c">Washington</subfield><subfield code="d">Canonsburg.</subfield></datafield><datafield ind1="0" ind2="0" tag="780"><subfield code="t">Canonsburg local-herald</subfield><subfield code="w">(DLC)sn 87078607</subfield></datafield></record>